@book{cormen2002algoritmos,
  title={Algoritmos: teoria e pr{\'a}tica},
  author={Cormen, Thomas H},
  year={2002},
  publisher={Elsevier}
}

@book{netto2003grafos,
  title={Grafos: teoria, modelos, algoritmos},
  author={Netto, Paulo Oswaldo Boaventura},
  year={2003},
  publisher={Edgard Bl{\"u}cher}
}